%%%%%%%%%%%%%%%%%%%%%%%%%%%%%%%%%%%%%%%%%%%%%
% Source :
% https://latex-tutorial.com/tutorials/bibtex/
% Source: 
% https://fr.overleaf.com/learn/latex/Bibliography_management_with_bibtex
%%%%%%%%%%%%%%%%%%%%%%%%%%%%%%%%%%%%%%%%%%%%%%

@ARTICLE{ArticleDemaine,
    AUTHOR="Erik Demaine and al.",
    TITLE="Introduction to Algorithms, Lecture Notes on Skip Lists.pdf",
    YEAR="Consulté en octobre 2022",
    NOTE="MIT 6.046J/18.410J"
}


@ARTICLE{ArticleHamel,
    AUTHOR="Sylvie Hamel",
    YEAR="Consulté en octobre 2022",
    TITLE="Dictionnaires ordonnés et Skip List ",
    NOTE = {IFT2015, A2009, Université de Montréal}
}


@ARTICLE{ArticleSchwar,
    AUTHOR="François Schwarzentruber",
    TITLE="Skip lists - Listes à sauts",
    YEAR="Consulté en octobre 2022",
    NOTE = {École normale supérieure de Rennes, url : \url{http://people.irisa.fr/Francois.Schwarzentruber/algo2/08skiplists.pdf}}
    %NOTE="Maître de conférences dans le département informatique et télécommunications"
}


%Note de cours1
@book{NoteCours,
	author = {Véronique Bruyère},
	year = {Consulté en premier quadrimestre 2022},
	title = {Rappels sur les arbres},
	NOTE = {Notes prises dans le cours Structures de données de Master en sciences informatiques - Université UMONS}
}

%Note de cours2
@book{NoteCours2,
	author = {Gilles G EERAERTS},
	year = {$3^e$ ÉDITION 2010–2011, Consulté en deuxième quadrimestre du bloc complémentaire en 2021},
	title = {ALGORITHMIQUE},
	NOTE = {Notes du cours S-INFO-048 - Année préparatoire au master 60 en informatique ULB–UMons}
}

@article{ArticlePugh,
	title={Skip lists : A probabilistic alternative to balanced trees},
	author={William Pugh},
	journal={Communications of the ACM},
	volume={33},
	number={6},
	pages={668--676},
	year={Rédaction en 1989 et consultation en otobre 2021 },
	publisher={Communications of the ACM}
}

@ARTICLE{ArticleZeratti,
    AUTHOR="Steve Zaretti",
    TITLE="La skip-list",
    YEAR="Consulté en août 2021",
    NOTE="UMONS - url : \url{https://steve.zaretti.be/files/skiplist.pdf}"
}


%Inégalité de Boole
@book{InegaliteDeBoole,
	author = {Jean-François Renaud},
	year = {Consulté en janvier 2022},
	title = {Cours Probabilités et statistique},
	publisher = {Université du Québec à Montréal (UQAM)}
}


%Website
@article{ArticleDan,
    AUTHOR = "Dan Suthers",    
    year = {Consulté en mars 2022},
    TITLE = "Probabilistic Analysis and Randomized Algorithms.",
    NOTE="University of Hawaii Information and Computer Sciences."    
}


%Website
@MISC{WEBSITE:2,
    HOWPUBLISHED = "\url{https://www.coursera.org/lecture/trees-graphs-basics/skip-lists-7Uggo}",
    AUTHOR = "Sriram Sankaranarayanan",
    TITLE = "Trees and Graphs: Basics - Université du Colorado of Boulder",
    NOTE = "Consulté en février 2022",
    PUBLISHER={coursera}
}


%Table de hachage
@ARTICLE{ArticleFacSciencesLile,
	AUTHOR="Jean-Stéphane Varré",
	TITLE="Cours 4 - Tables de hachage",
	YEAR="Consulté en mai 2022",
	NOTE = {Faculté des Sciences et Technologies de Lille, url : \url{https://www.fil.univ-lille1.fr/portail/archive19-20/~varre/portail/asd/doc/cours4-2.pdf}}	
}


%RappelAlgorithmique
@ARTICLE{ArticleUnivSavoieRappelAlgorithmique,
	AUTHOR="Jacques-Olivier Lachaud",
	TITLE="Notes de cours INFO626, L3 STIC Informatique Algorithmique avancée",
	YEAR="Consulté en mai 2022",
	NOTE = {LAMA, Université de Savoie, url : \url{http://www.lama.univ-savoie.fr/pagesmembres/lachaud/Cours/INFO626/Cours/notes-de-cours.pdf}}	
}



	
