%%%%%%%%%%%%%%%%%%%%%%%%%%%%%%%%%%%%%%%%%%%%%
% Source :
% https://latex-tutorial.com/tutorials/bibtex/
% Source: 
% https://fr.overleaf.com/learn/latex/Bibliography_management_with_bibtex
%%%%%%%%%%%%%%%%%%%%%%%%%%%%%%%%%%%%%%%%%%%%%%

@ARTICLE{ArticleHamel,
    AUTHOR="Sylvie Hamel",
    YEAR="Consulté en octobre 2022",
    TITLE="Dictionnaires ordonnés et Skip List ",
    NOTE = {IFT2015, A2009, Université de Montréal}
}

@article{ArticlePugh,
	title={Skip lists : A probabilistic alternative to balanced trees},
	author={William Pugh},
	journal={Communications of the ACM},
	volume={33},
	number={6},
	pages={668--676},
	year={Rédaction en 1989, Consulté en otobre 2021},
	publisher={Communications of the ACM}
}

%Website
@MISC{Wikipedia,
    HOWPUBLISHED = "\url{https://en.wikipedia.org/wiki/Skip_list}",
    AUTHOR = "Wikipedia",
    TITLE = "Skip list",
    YEAR = "Consulté en novembre 2021",
    NOTE = "Re-édité en Mars 2022, ",
    PUBLISHER={en.wikipedia.org}
}



	
